<record><leader>00000cas a22000007a 4500</leader><controlfield tag="001">17359036</controlfield><controlfield tag="008">880119d185u1856ohuwr ne      0    0eng d</controlfield><datafield ind1=" " ind2=" " tag="010"><subfield code="a">sn 88077064 </subfield></datafield><datafield ind1=" " ind2=" " tag="040"><subfield code="a">ONP</subfield><subfield code="b">eng</subfield><subfield code="c">ONP</subfield><subfield code="d">OCLCQ</subfield></datafield><datafield ind1=" " ind2=" " tag="042"><subfield code="a">msc</subfield></datafield><datafield ind1="0" ind2=" " tag="130"><subfield code="a">West Liberty banner (West Liberty, Ohio : 1855)</subfield></datafield><datafield ind1="1" ind2="4" tag="245"><subfield code="a">The West Liberty banner.</subfield></datafield><datafield ind1="3" ind2="0" tag="246"><subfield code="a">Weekly banner</subfield></datafield><datafield ind1=" " ind2=" " tag="260"><subfield code="a">West Liberty, Ohio :</subfield><subfield code="b">J.E. Blizzard</subfield></datafield><datafield ind1=" " ind2=" " tag="310"><subfield code="a">Weekly</subfield></datafield><datafield ind1="1" ind2=" " tag="362"><subfield code="a">Ceased with Aug. 15, 1856 issue.</subfield></datafield><datafield ind1=" " ind2=" " tag="500"><subfield code="a">Published as: Weekly Banner, &lt;June 27, 1856-July 18, 1856&gt;.</subfield></datafield><datafield ind1=" " ind2=" " tag="588"><subfield code="a">Description based on: Vol. 3, no. 13 (Aug. 18, 1855).</subfield></datafield><datafield ind1=" " ind2=" " tag="752"><subfield code="a">United States</subfield><subfield code="b">Ohio</subfield><subfield code="c">Logan</subfield><subfield code="d">West Liberty.</subfield></datafield><datafield ind1="0" ind2="0" tag="780"><subfield code="t">West-Liberty banner and Logan County advertiser</subfield><subfield code="w">(DLC)sn 88077063</subfield></datafield><datafield ind1="0" ind2="0" tag="785"><subfield code="t">West Liberty weekly times</subfield><subfield code="w">(DLC)sn 88077065</subfield></datafield></record>